<record><leader>00000cas a22000007a 4500</leader><controlfield tag="001">17368710</controlfield><controlfield tag="008">880121d197u198utxuwr ne      0    0eng d</controlfield><datafield ind1=" " ind2=" " tag="010"><subfield code="a">sn 88083036 </subfield></datafield><datafield ind1=" " ind2=" " tag="040"><subfield code="a">PPM</subfield><subfield code="b">eng</subfield><subfield code="c">PPM</subfield><subfield code="d">OCLCQ</subfield></datafield><datafield ind1=" " ind2=" " tag="042"><subfield code="a">msc</subfield></datafield><datafield ind1="0" ind2="0" tag="245"><subfield code="a">Humble news-messenger.</subfield></datafield><datafield ind1=" " ind2=" " tag="260"><subfield code="a">Humble, Tex. :</subfield><subfield code="b">Gary Smith</subfield></datafield><datafield ind1=" " ind2=" " tag="310"><subfield code="a">Weekly</subfield></datafield><datafield ind1=" " ind2=" " tag="588"><subfield code="a">Description based on: Vol. 4, no. 84 (Nov. 11, 1979).</subfield></datafield><datafield ind1=" " ind2=" " tag="752"><subfield code="a">United States</subfield><subfield code="b">Texas</subfield><subfield code="c">Harris</subfield><subfield code="d">Humble.</subfield></datafield><datafield ind1="0" ind2="0" tag="785"><subfield code="t">Observer of Humble</subfield><subfield code="w">(DLC)sn 88083035</subfield></datafield></record>